@incollection{miosix,
  doi = {10.1049/pbce089e_ch10},
  url = {https://doi.org/10.1049/pbce089e_ch10},
  publisher = {Institution of Engineering and Technology},
  pages = {151--159},
  title = {An experimental {OS}: Miosix},
  booktitle = {Control-Based Operating System Design},
  author =       "Alberto Leva ; Martina Maggio ; Alessandro Vittorio Papadopoulos ; Federico Terraneo",
}

@article{slidec++,
    author =       "Terraneo Federico",
    title =        "Introduction to C++",
    year =         "2020",
}

@article{slidebaremetal,
    author =       "Terraneo Federico",
    title =        "Bare Metal Programming",
    year =         "2020",
}

@article{osprogramming,
    author =       "Terraneo Federico",
    title =        "OS Programming",
    year =         "2020",
}